@article{flow-cytometry-sorting,
title={Electronic separation of biological cells by volume},
author={Fulwyler, Mack J},
journal={Science},
volume={150},
number={3698},
pages={910--911},
year={1965},
publisher={American Association for the Advancement of Science}
}
		